@article{concepts,
    author  = {Eliezer Levy and Abraham Silberschatz},
    title   = {Dstributed File Systems: Concepts and Examples},
    journal = {ACM Computer Surveys},
    volume  = {Vol. 22},
    year    = {1990},
}

@inproceedings{weil2006ceph,
    title={Ceph: A scalable, high-performance distributed file system},
    author={Weil, Sage A and Brandt, Scott A and Miller, Ethan L and Long, Darrell DE and Maltzahn, Carlos},
    booktitle={Proceedings of the 7th symposium on Operating systems design and implementation},
    pages={307--320},
    year={2006},
    organization={USENIX Association}
}

@article{andrew,
    author  = {John H. Howard and Michael L. Kazar and Sherri G. Menees and David A. Nichols and M. Satyanarayanan and Robert N. Sidebotham and Michael J. West},
    title   = {Scale and Performance in a Distributed File System},
    journal = {ACM Transactions on Computer Systems},
    volume  = {Vol. 6},
    year    = {1988},
}

@inproceedings{gpfs,
    author    = {Frank Schmuck and Roger Haskin},
    title     = {GPFS: A Shared-Disk File System for Large Computing Clusters},
    booktitle = {Proceedings of the Conference on File and Storage Technologies},
    year      = {2002},
}

@inproceedings{filesize,
    author    = {M. Satyanarayanan},
    title     = {A Study of File Sizes and Functional Lifetimes},
    booktitle = {SOSP '81 Proceedings of the eighth ACM symposium on Operating systems principles},
    year    = {1981},
}
